% Encoding: UTF-8

@Article{Cox1975,
  author        = {Cox, David R},
  title         = {Partial likelihood},
  journal       = {Biometrika},
  year          = {1975},
  volume        = {62},
  number        = {2},
  pages         = {269--276},
  publisher     = {Oxford University Press},
}

@Article{Verweij1993,
  author        = {Verweij, Pierre JM and Van Houwelingen, Hans C},
  title         = {Cross-validation in survival analysis},
  journal       = {Statistics in medicine},
  year          = {1993},
  volume        = {12},
  number        = {24},
  pages         = {2305--2314},
  publisher     = {Wiley Online Library},
}

@Article{Therneau1990,
  author        = {Therneau, Terry M and Grambsch, Patricia M and Fleming, Thomas R},
  title         = {Martingale-based residuals for survival models},
  journal       = {Biometrika},
  year          = {1990},
  volume        = {77},
  number        = {1},
  pages         = {147--160},
  __markedentry = {[biydai:]},
  publisher     = {Oxford University Press},
}

@Book{Kalbfleisch2011,
  title         = {The statistical analysis of failure time data},
  publisher     = {John Wiley \& Sons},
  year          = {2011},
  author        = {Kalbfleisch, John D and Prentice, Ross L},
  volume        = {360},
  __markedentry = {[biydai:6]},
}

@Comment{jabref-meta: databaseType:bibtex;}
